<?xml version="1.0" encoding="UTF-8"?><record xmlns="http://www.loc.gov/MARC21/slim" xmlns:cinclude="http://apache.org/cocoon/include/1.0" xmlns:zs="http://www.loc.gov/zing/srw/">
  <leader>00388nz  a2200133n  4500</leader>
  <controlfield tag="001">no2004045326</controlfield>
  <controlfield tag="003">DLC</controlfield>
  <controlfield tag="005">20040513071038.0</controlfield>
  <controlfield tag="008">040512n| acannaabn          |n aaa     c</controlfield>
  <datafield tag="010" ind1=" " ind2=" ">
    <subfield code="a">no2004045326</subfield>
  </datafield>
  <datafield tag="035" ind1=" " ind2=" ">
    <subfield code="a">(OCoLC)oca06344975</subfield>
  </datafield>
  <datafield tag="040" ind1=" " ind2=" ">
    <subfield code="a">OCU-Mu</subfield>
    <subfield code="b">eng</subfield>
    <subfield code="c">OCU-Mu</subfield>
  </datafield>
  <datafield tag="100" ind1="1" ind2=" ">
    <subfield code="a">Tonsini, Massimiliano</subfield>
  </datafield>
  <datafield tag="670" ind1=" " ind2=" ">
    <subfield code="a">MartinuĚ, B. Mirandolina [SR] p2004:</subfield>
    <subfield code="b">insert (Massimiliano Tonsini, tenor; b. Rome)</subfield>
  </datafield>
</record>